<?xml version="1.0" encoding="UTF-8"?><collection xmlns="http://www.loc.gov/MARC21/slim"><record><leader>00393nam--2200133-i-4500</leader><controlfield tag="001">000018759</controlfield><controlfield tag="002">20161230</controlfield><controlfield tag="005">20161230201032</controlfield><controlfield tag="008">060222s1000------------r-----000-0-eng-d</controlfield><datafield ind1=" " ind2=" " tag="100"><subfield code="a">El-badry, Hamed M</subfield></datafield><datafield ind1=" " ind2=" " tag="245"><subfield code="a">Micromanipulators and micromanipulation</subfield></datafield><datafield ind1=" " ind2=" " tag="260"><subfield code="a">Wien, Springer-verlag, 1963. Vii + 333 P</subfield></datafield><datafield ind1=" " ind2=" " tag="490"><subfield code="a">Monographien Aus Dem Gebiete Der Qualitativen Mikroanalyse</subfield></datafield><datafield ind1=" " ind2=" " tag="852"><subfield code="a">21153</subfield></datafield></record></collection>